@misc {CRCOMPLICATED,
  title = {Checkpoint/restart: it's complicated},
  author = {Jonathan Corbet},
  year = 2010,
  month = "November",
  howpublished = {\url{http://lwn.net/Articles/414264/}}
}

@misc {CRIUPROPSAL,
  title = {Checkpoint/restore mostly in the userspace},
  author = {Pavel Emelyanov},
  year = 2011,
  month = "July",
  howpublished = {\url{http://lwn.net/Articles/451916/}}
}

@misc {PTRACEP1,
  title = {Playing with ptrace, Part I},
  author = {Pradeep Padala},
  year = 2002,
  month = "October",
  howpublished = {\url{http://www.linuxjournal.com/article/6100}}
}

@misc {TCG,
  title = {Tiny Code Generator},
  author = {Fabrice Bellard},
  howpublished = {\url{http://git.qemu.org/?p=qemu.git;a=blob_plain;f=tcg/README;hb=HEAD}}
}

@misc {PTRACEP2,
  title = {Playing with ptrace, Part II},
  author = {Pradeep Padala},
  year = 2002,
  month = "November",
  howpublished = {\url{http://www.linuxjournal.com/article/6210}}
}

@article{PM2000,
 author = {Milo\'{\j}i\v{c}i\'{c}, Dejan S. and Douglis, Fred and Paindaveine, Yves and Wheeler, Richard and Zhou, Songnian},
 title = {Process migration},
 journal = {ACM Comput. Surv.},
 volume = {32},
 number = {3},
 year = {2000},
 pages = {241-299},
 publisher = {ACM}
}

@inproceedings{X86ARMBHI,
  author = {Hussein Karaki, Haitham Akkary, Shahrokh Shahidzadeh},
  title = {X86-ARM Binary Hardware Interpreter},
  booktitle = {International Conference on Electornics, Circuits and Systems},
  year = 2011,
  organization = {IEEE}
}

@inproceedings{LLVM,
  author    = {Chris Lattner and Vikram Adve},
  title     = "{LLVM: A Compilation Framework for Lifelong Program Analysis \& Transformation}",
  booktitle = "{Proceedings of the 2004 International Symposium on Code Generation and Optimization (CGO'04)}",
  address   = {Palo Alto, California},
  month     = {March},
  year      = {2004}
}

@inproceedings{ISAVIRT,
  author = {Mazen Ezzedine, Hussein Karaki, Haitham Akkary},
  title = {Ubiquitous Computing Platform via Hardware Assited ISA Virtualization},
  booktitle = {International Conference on Innovations in Information Technology},
  year = 2013,
  organization = {IEEE}
}
